@article{lew2023single,
  title={Single-shot forward and inverse hierarchical architected materials design for nonlinear mechanical properties using an attention-diffusion model},
  author={Lew, Andrew J and Buehler, Markus J},
  journal={Materials Today},
  volume={64},
  pages={10--20},
  year={2023},
  publisher={Elsevier}
}

@article{elzouka2020interpretable,
  title={Interpretable forward and inverse design of particle spectral emissivity using common machine-learning models},
  author={Elzouka, Mahmoud and Yang, Charles and Albert, Adrian and Prasher, Ravi S and Lubner, Sean D},
  journal={Cell Reports Physical Science},
  volume={1},
  number={12},
  year={2020},
  publisher={Elsevier}
}

@article{jiang2022flexible,
  title={Flexible metamaterial electronics},
  author={Jiang, Shan and Liu, Xuejun and Liu, Jianpeng and Ye, Dong and Duan, Yongqing and Li, Kan and Yin, Zhouping and Huang, YongAn},
  journal={Advanced Materials},
  volume={34},
  number={52},
  pages={2200070},
  year={2022},
  publisher={Wiley Online Library}
}

@article{lee2023data,
  title={Data-Driven Design for Metamaterials and Multiscale Systems: A Review},
  author={Lee, Doksoo and Chen, Wei Wayne and Wang, Liwei and Chan, Yu-Chin and Chen, Wei},
  journal={arXiv preprint arXiv:2307.05506},
  year={2023}
}

@article{an2019deep,
  title={A deep learning approach for objective-driven all-dielectric metasurface design},
  author={An, Sensong and Fowler, Clayton and Zheng, Bowen and Shalaginov, Mikhail Y and Tang, Hong and Li, Hang and Zhou, Li and Ding, Jun and Agarwal, Anuradha Murthy and Rivero-Baleine, Clara and others},
  journal={ACS Photonics},
  volume={6},
  number={12},
  pages={3196--3207},
  year={2019},
  publisher={ACS Publications}
}

@article{ronellenfitsch2019inverse,
  title={Inverse design of discrete mechanical metamaterials},
  author={Ronellenfitsch, Henrik and Stoop, Norbert and Yu, Josephine and Forrow, Aden and Dunkel, J{\"o}rn},
  journal={Physical Review Materials},
  volume={3},
  number={9},
  pages={095201},
  year={2019},
  publisher={APS}
}

@article{zhang2021realization,
  title={Realization of full and directional band gap design by non-gradient topology optimization in acoustic metamaterials},
  author={Zhang, Xiaopeng and Xing, Jian and Liu, Pai and Luo, Yangjun and Kang, Zhan},
  journal={Extreme Mechanics Letters},
  volume={42},
  pages={101126},
  year={2021},
  publisher={Elsevier}
}

@article{chen2022see,
  title={How to see hidden patterns in metamaterials with interpretable machine learning},
  author={Chen, Zhi and Ogren, Alexander and Daraio, Chiara and Brinson, L Catherine and Rudin, Cynthia},
  journal={Extreme Mechanics Letters},
  volume={57},
  pages={101895},
  year={2022},
  publisher={Elsevier}
}

@article{vismara2019solar,
  title={Solar harvesting based on perfect absorbing all-dielectric nanoresonators on a mirror},
  author={Vismara, Robin and L{\"a}nk, Nils Odebo and Verre, Ruggero and K{\"a}ll, Mikael and Isabella, Olindo and Zeman, Miro},
  journal={Optics Express},
  volume={27},
  number={16},
  pages={A967--A980},
  year={2019},
  publisher={Optica Publishing Group}
}

@article{cheng2021plasmonic,
  title={Plasmonic chiral metasurface absorber based on bilayer fourfold twisted semicircle nanostructure at optical frequency},
  author={Cheng, Yongzhi and Chen, Fu and Luo, Hui},
  journal={Nanoscale Research Letters},
  volume={16},
  pages={1--9},
  year={2021},
  publisher={Springer}
}

@article{zhelyeznyakov2021deep,
  title={Deep learning to accelerate scatterer-to-field mapping for inverse design of dielectric metasurfaces},
  author={Zhelyeznyakov, Maksym V and Brunton, Steve and Majumdar, Arka},
  journal={ACS Photonics},
  volume={8},
  number={2},
  pages={481--488},
  year={2021},
  publisher={ACS Publications}
}

@article{inampudi2018neural,
  title={Neural network based design of metagratings},
  author={Inampudi, Sandeep and Mosallaei, Hossein},
  journal={Applied Physics Letters},
  volume={112},
  number={24},
  year={2018},
  publisher={AIP Publishing}
}

@article{goh2020inverse,
  title={Inverse band gap design of elastic metamaterials for P and SV wave control},
  author={Goh, Heedong and Kallivokas, Loukas F},
  journal={Computer Methods in Applied Mechanics and Engineering},
  volume={370},
  pages={113263},
  year={2020},
  publisher={Elsevier}
}

@article{li2020designing,
    title = {{Designing phononic crystal with anticipated band gap through a deep learning based data-driven method}},
    year = {2020},
    journal = {Computer Methods in Applied Mechanics and Engineering},
    author = {Li, Xiang and Ning, Shaowu and Liu, Zhanli and Yan, Ziming and Luo, Chengcheng and Zhuang, Zhuo},
    pages = {112737},
    volume = {361},
    publisher = {Elsevier}
}

@article{Malkiel2018PlasmonicLearning,
    title = {{Plasmonic nanostructure design and characterization via Deep Learning}},
    year = {2018},
    journal = {Light: Science and Applications},
    author = {Malkiel, Itzik and Mrejen, Michael and Nagler, Achiya and Arieli, Uri and Wolf, Lior and Suchowski, Haim},
    number = {1},
    volume = {7},
    publisher = {Springer US},
    url = {http://dx.doi.org/10.1038/s41377-018-0060-7},
    doi = {10.1038/s41377-018-0060-7},
    issn = {20477538}
}

@article{liu2018training,
  title={Training deep neural networks for the inverse design of nanophotonic structures},
  author={Liu, Dianjing and Tan, Yixuan and Khoram, Erfan and Yu, Zongfu},
  journal={Acs Photonics},
  volume={5},
  number={4},
  pages={1365--1369},
  year={2018},
  publisher={ACS Publications}
}

@article{An2021MultifunctionalNetwork,
    title = {{Multifunctional Metasurface Design with a Generative Adversarial Network}},
    year = {2021},
    journal = {Advanced Optical Materials},
    author = {An, Sensong and Zheng, Bowen and Tang, Hong and Shalaginov, Mikhail Y. and Zhou, Li and Li, Hang and Kang, Myungkoo and Richardson, Kathleen A. and Gu, Tian and Hu, Juejun and Fowler, Clayton and Zhang, Hualiang},
    number = {5},
    pages = {1--10},
    volume = {9},
    doi = {10.1002/adom.202001433},
    issn = {21951071},
    keywords = {deep learning, inverse design, metasurfaces, neural networks, photonics}
}

@article{kumar2020inverse,
  title={Inverse-designed spinodoid metamaterials},
  author={Kumar, Siddhant and Tan, Stephanie and Zheng, Li and Kochmann, Dennis M},
  journal={npj Computational Materials},
  volume={6},
  number={1},
  pages={1--10},
  year={2020},
  publisher={Nature Publishing Group}
}

@article{Yeung2021MultiplexedNetworks,
    title = {{Multiplexed supercell metasurface design and optimization with tandem residual networks}},
    year = {2021},
    journal = {Nanophotonics},
    author = {Yeung, Christopher and Tsai, Ju Ming and King, Brian and Pham, Benjamin and Ho, David and Liang, Julia and Knight, Mark W. and Raman, Aaswath P.},
    number = {3},
    month = {1},
    pages = {1133--1143},
    volume = {10},
    publisher = {De Gruyter Open Ltd},
    doi = {10.1515/nanoph-2020-0549},
    issn = {21928614},
    keywords = {deep learning, metasurfaces, nanophotonics, supercells, tandem residual networks}
}

@article{gurbuz2021generative,
  title={Generative adversarial networks for the design of acoustic metamaterials},
  author={Gurbuz, Caglar and Kronowetter, Felix and Dietz, Christoph and Eser, Martin and Schmid, Jonas and Marburg, Steffen},
  journal={The Journal of the Acoustical Society of America},
  volume={149},
  number={2},
  pages={1162--1174},
  year={2021},
  publisher={Acoustical Society of America}
}

@article{so2019designing,
  title={Designing nanophotonic structures using conditional deep convolutional generative adversarial networks},
  author={So, Sunae and Rho, Junsuk},
  journal={Nanophotonics},
  volume={8},
  number={7},
  pages={1255--1261},
  year={2019},
  publisher={De Gruyter}
}

@article{jiang2019free,
  title={Free-form diffractive metagrating design based on generative adversarial networks},
  author={Jiang, Jiaqi and Sell, David and Hoyer, Stephan and Hickey, Jason and Yang, Jianji and Fan, Jonathan A},
  journal={ACS nano},
  volume={13},
  number={8},
  pages={8872--8878},
  year={2019},
  publisher={ACS Publications}
}

@article{wen2020robust,
  title={Robust freeform metasurface design based on progressively growing generative networks},
  author={Wen, Fufang and Jiang, Jiaqi and Fan, Jonathan A},
  journal={ACS Photonics},
  volume={7},
  number={8},
  pages={2098--2104},
  year={2020},
  publisher={ACS Publications}
}


%%%%%%%%%%% optical metasurfaces %%%%%%%%%%%%%%%

@article{bukhari2019metasurfaces,
  title={A metasurfaces review: Definitions and applications},
  author={Bukhari, Syed S and Vardaxoglou, J Yiannis and Whittow, William},
  journal={Applied Sciences},
  volume={9},
  number={13},
  pages={2727},
  year={2019},
  publisher={Multidisciplinary Digital Publishing Institute}
}

@article{multiphysics1998introduction,
  title={Introduction to COMSOL multiphysics{\textregistered}},
  author={Multiphysics, COMSOL},
  journal={COMSOL Multiphysics, Burlington, MA, accessed Feb},
  volume={9},
  pages={2018},
  year={1998}
}


@article{liu2017experimental,
  title={Experimental realization of a terahertz all-dielectric metasurface absorber},
  author={Liu, Xinyu and Fan, Kebin and Shadrivov, Ilya V and Padilla, Willie J},
  journal={Optics express},
  volume={25},
  number={1},
  pages={191--201},
  year={2017},
  publisher={Optical Society of America}
}

@article{azad2016metasurface,
  title={Metasurface broadband solar absorber},
  author={Azad, Abul K and Kort-Kamp, Wilton JM and Sykora, Milan and Weisse-Bernstein, Nina R and Luk, Ting S and Taylor, Antoinette J and Dalvit, Diego AR and Chen, Hou-Tong},
  journal={Scientific reports},
  volume={6},
  number={1},
  pages={1--6},
  year={2016},
  publisher={Nature Publishing Group}
}

@article{larouche2012infrared,
  title={Infrared metamaterial phase holograms},
  author={Larouche, St{\'e}phane and Tsai, Yu-Ju and Tyler, Talmage and Jokerst, Nan M and Smith, David R},
  journal={Nature materials},
  volume={11},
  number={5},
  pages={450--454},
  year={2012},
  publisher={Nature Publishing Group}
}

@article{whiting2020meta,
  title={Meta-atom library generation via an efficient multi-objective shape optimization method},
  author={Whiting, Eric B and Campbell, Sawyer D and Kang, Lei and Werner, Douglas H},
  journal={Optics Express},
  volume={28},
  number={16},
  pages={24229--24242},
  year={2020},
  publisher={Optical Society of America}
}

@article{hu2021review,
  title={A review on metasurface: from principle to smart metadevices},
  author={Hu, Jie and Bandyopadhyay, Sankhyabrata and Liu, Yu-hui and Shao, Li-yang},
  journal={Frontiers in Physics},
  volume={8},
  pages={586087},
  year={2021},
  publisher={Frontiers Media SA}
}


@article{pendry2000negative,
  title={Negative refraction makes a perfect lens},
  author={Pendry, John Brian},
  journal={Physical review letters},
  volume={85},
  number={18},
  pages={3966},
  year={2000},
  publisher={APS}
}


@article{yu2011light,
  title={Light propagation with phase discontinuities: generalized laws of reflection and refraction},
  author={Yu, Nanfang and Genevet, Patrice and Kats, Mikhail A and Aieta, Francesco and Tetienne, Jean-Philippe and Capasso, Federico and Gaburro, Zeno},
  journal={science},
  volume={334},
  number={6054},
  pages={333--337},
  year={2011},
  publisher={American Association for the Advancement of Science}
}

@article{kildishev2013planar,
  title={Planar photonics with metasurfaces},
  author={Kildishev, Alexander V and Boltasseva, Alexandra and Shalaev, Vladimir M},
  journal={Science},
  volume={339},
  number={6125},
  pages={1232009},
  year={2013},
  publisher={American Association for the Advancement of Science}
}

@article{cui2014coding,
  title={Coding metamaterials, digital metamaterials and programmable metamaterials},
  author={Cui, Tie Jun and Qi, Mei Qing and Wan, Xiang and Zhao, Jie and Cheng, Qiang},
  journal={Light: science \& applications},
  volume={3},
  number={10},
  pages={e218--e218},
  year={2014},
  publisher={Nature Publishing Group}
}


@article{landy2008perfect,
  title={Perfect metamaterial absorber},
  author={Landy, N I{\^e} and Sajuyigbe, S and Mock, Jack J and Smith, David R and Padilla, Willie J},
  journal={Physical review letters},
  volume={100},
  number={20},
  pages={207402},
  year={2008},
  publisher={APS}
}

@article{liu2010infrared,
  title={Infrared spatial and frequency selective metamaterial with near-unity absorbance},
  author={Liu, Xianliang and Starr, Tatiana and Starr, Anthony F and Padilla, Willie J},
  journal={Physical review letters},
  volume={104},
  number={20},
  pages={207403},
  year={2010},
  publisher={APS}
}

@article{hao2010high,
  title={High performance optical absorber based on a plasmonic metamaterial},
  author={Hao, Jiaming and Wang, Jing and Liu, Xianliang and Padilla, Willie J and Zhou, Lei and Qiu, Min},
  journal={Applied Physics Letters},
  volume={96},
  number={25},
  year={2010},
  publisher={AIP Publishing}
}

@article{watts2012metamaterial,
  title={Metamaterial electromagnetic wave absorbers},
  author={Watts, Claire M and Liu, Xianliang and Padilla, Willie J},
  journal={Advanced materials},
  volume={24},
  number={23},
  pages={OP98--OP120},
  year={2012},
  publisher={Wiley Online Library}
}

@article{cui2014plasmonic,
  title={Plasmonic and metamaterial structures as electromagnetic absorbers},
  author={Cui, Yanxia and He, Yingran and Jin, Yi and Ding, Fei and Yang, Liu and Ye, Yuqian and Zhong, Shoumin and Lin, Yinyue and He, Sailing},
  journal={Laser \& Photonics Reviews},
  volume={8},
  number={4},
  pages={495--520},
  year={2014},
  publisher={Wiley Online Library}
}

@article{lee2018complete,
  title={Complete amplitude and phase control of light using broadband holographic metasurfaces},
  author={Lee, Gun-Yeal and Yoon, Gwanho and Lee, Seung-Yeol and Yun, Hansik and Cho, Jaebum and Lee, Kyookeun and Kim, Hwi and Rho, Junsuk and Lee, Byoungho},
  journal={Nanoscale},
  volume={10},
  number={9},
  pages={4237--4245},
  year={2018},
  publisher={Royal Society of Chemistry}
}
%

@article{malek2022multifunctional,
  title={Multifunctional resonant wavefront-shaping meta-optics based on multilayer and multi-perturbation nonlocal metasurfaces},
  author={Malek, Stephanie C and Overvig, Adam C and Al{\`u}, Andrea and Yu, Nanfang},
  journal={Light: Science \& Applications},
  volume={11},
  number={1},
  pages={246},
  year={2022},
  publisher={Nature Publishing Group UK London}
}

@article{zhou2018multilayer,
  title={Multilayer noninteracting dielectric metasurfaces for multiwavelength metaoptics},
  author={Zhou, You and Kravchenko, Ivan I and Wang, Hao and Nolen, J Ryan and Gu, Gong and Valentine, Jason},
  journal={Nano letters},
  volume={18},
  number={12},
  pages={7529--7537},
  year={2018},
  publisher={ACS Publications}
}

@article{li2018wideband,
  title={A wideband multifunctional multilayer switchable linear polarization metasurface},
  author={Li, You and Cao, Qunsheng and Wang, Yi},
  journal={IEEE Antennas and Wireless Propagation Letters},
  volume={17},
  number={7},
  pages={1314--1318},
  year={2018},
  publisher={IEEE}
}

@article{marino2021harmonic,
  title={Harmonic generation with multi-layer dielectric metasurfaces},
  author={Marino, Giuseppe and Rocco, Davide and Gigli, Carlo and Beaudoin, Gr{\'e}goire and Pantzas, Konstantinos and Suffit, St{\'e}phan and Filloux, Pascal and Sagnes, Isabelle and Leo, Giuseppe and De Angelis, Costantino},
  journal={Nanophotonics},
  volume={10},
  number={7},
  pages={1837--1843},
  year={2021},
  publisher={De Gruyter}
}

@article{zhang2023high,
  title={High absorptivity and ultra-wideband solar absorber based on Ti-Al2O3 cross elliptical disk arrays},
  author={Zhang, Yuanjian and Yi, Yingting and Li, Wenxin and Liang, Shiri and Ma, Jing and Cheng, Shubo and Yang, Wenxing and Yi, Yougen},
  journal={Coatings},
  volume={13},
  number={3},
  pages={531},
  year={2023},
  publisher={MDPI}
}

@misc{comsol2020,
    author = {{COMSOL AB}},
    title = {COMSOL Multiphysics (Version 5.6)},
    year = {2020},
    howpublished = {\url{https://www.comsol.com}},
    note = {Stockholm, Sweden}
}

@article{hastings1970monte,
  title={Monte Carlo Sampling Methods Using Markov Chains and Their Applications},
  author={Hastings, WK},
  journal={Biometrika},
  pages={97--109},
  year={1970},
  publisher={JSTOR}
}

@article{zhang2020latent,
  title={A latent variable approach to Gaussian process modeling with qualitative and quantitative factors},
  author={Zhang, Yichi and Tao, Siyu and Chen, Wei and Apley, Daniel W},
  journal={Technometrics},
  volume={62},
  number={3},
  pages={291--302},
  year={2020},
  publisher={Taylor \& Francis}
}

@article{zhang2020bayesian,
  title={Bayesian optimization for materials design with mixed quantitative and qualitative variables},
  author={Zhang, Yichi and Apley, Daniel W and Chen, Wei},
  journal={Scientific reports},
  volume={10},
  number={1},
  pages={4924},
  year={2020},
  publisher={Nature Publishing Group UK London}
}

@article{ma2020vaem,
  title={VAEM: a deep generative model for heterogeneous mixed type data},
  author={Ma, Chao and Tschiatschek, Sebastian and Turner, Richard and Hern{\'a}ndez-Lobato, Jos{\'e} Miguel and Zhang, Cheng},
  journal={Advances in Neural Information Processing Systems},
  volume={33},
  pages={11237--11247},
  year={2020}
}

@article{xu2018synthesizing,
  title={Synthesizing tabular data using generative adversarial networks},
  author={Xu, Lei and Veeramachaneni, Kalyan},
  journal={arXiv preprint arXiv:1811.11264},
  year={2018}
}

@article{chan2021metaset,
  title={METASET: Exploring shape and property spaces for data-driven metamaterials design},
  author={Chan, Yu-Chin and Ahmed, Faez and Wang, Liwei and Chen, Wei},
  journal={Journal of Mechanical Design},
  volume={143},
  number={3},
  pages={031707},
  year={2021},
  publisher={American Society of Mechanical Engineers}
}

@article{chawla2002smote,
  title={SMOTE: synthetic minority over-sampling technique},
  author={Chawla, Nitesh V and Bowyer, Kevin W and Hall, Lawrence O and Kegelmeyer, W Philip},
  journal={Journal of artificial intelligence research},
  volume={16},
  pages={321--357},
  year={2002}
}

@article{bayat2018wave,
  title={Wave directionality in three-dimensional periodic lattices},
  author={Bayat, Alireza and Gaitanaros, Stavros},
  journal={Journal of Applied Mechanics},
  volume={85},
  number={1},
  pages={011004},
  year={2018},
  publisher={American Society of Mechanical Engineers}
}

@article{casadei_piezoelectric_2012,
    author = {Casadei, Filippo and Delpero, Tommaso and Bergamini, Andrea and Ermanni, Paolo and Ruzzene, Massimo},
    title = "{Piezoelectric resonator arrays for tunable acoustic waveguides and metamaterials}",
    journal = {Journal of Applied Physics},
    volume = {112},
    number = {6},
    pages = {064902},
    year = {2012},
    month = {09},
    issn = {0021-8979},
    doi = {10.1063/1.4752468},
    url = {https://doi.org/10.1063/1.4752468},
    eprint = {https://pubs.aip.org/aip/jap/article-pdf/doi/10.1063/1.4752468/13721244/064902\_1\_online.pdf},
}

@article{liu2020acoustic,
  title={Acoustic waveguide with virtual soft boundary based on metamaterials},
  author={Liu, Guang-Sheng and Zhou, Yang and Liu, Ming-Hao and Yuan, Ying and Zou, Xin-Ye and Cheng, Jian-Chun},
  journal={Scientific Reports},
  volume={10},
  number={1},
  pages={981},
  year={2020},
  publisher={Nature Publishing Group UK London}
}

@article{kim2021poroelastic,
  title={Poroelastic microlattices for underwater wave focusing},
  author={Kim, Gunho and Portela, Carlos M and Celli, Paolo and Palermo, Antonio and Daraio, Chiara},
  journal={Extreme Mechanics Letters},
  volume={49},
  pages={101499},
  year={2021},
  publisher={Elsevier}
}

@article{xie2018acoustic,
  title={Acoustic imaging with metamaterial Luneburg lenses},
  author={Xie, Yangbo and Fu, Yangyang and Jia, Zhetao and Li, Junfei and Shen, Chen and Xu, Yadong and Chen, Huanyang and Cummer, Steven A},
  journal={Scientific reports},
  volume={8},
  number={1},
  pages={16188},
  year={2018},
  publisher={Nature Publishing Group UK London}
}

@article{krodel2015wide,
  title={Wide band-gap seismic metastructures},
  author={Kr{\"o}del, Sebastian and Thom{\'e}, Nicolas and Daraio, Chiara},
  journal={Extreme Mechanics Letters},
  volume={4},
  pages={111--117},
  year={2015},
  publisher={Elsevier}
}

@article{aspnes1983dielectric,
  title={Dielectric functions and optical parameters of si, ge, gap, gaas, gasb, inp, inas, and insb from 1.5 to 6.0 ev},
  author={Aspnes, David E and Studna, AA},
  journal={Physical review B},
  volume={27},
  number={2},
  pages={985},
  year={1983},
  publisher={APS}
}


@article{liu2018generative,
  title={Generative model for the inverse design of metasurfaces},
  author={Liu, Zhaocheng and Zhu, Dayu and Rodrigues, Sean P and Lee, Kyu-Tae and Cai, Wenshan},
  journal={Nano letters},
  volume={18},
  number={10},
  pages={6570--6576},
  year={2018},
  publisher={ACS Publications}
}

@article{ma2019probabilistic,
  title={Probabilistic representation and inverse design of metamaterials based on a deep generative model with semi-supervised learning strategy},
  author={Ma, Wei and Cheng, Feng and Xu, Yihao and Wen, Qinlong and Liu, Yongmin},
  journal={Advanced Materials},
  volume={31},
  number={35},
  pages={1901111},
  year={2019},
  publisher={Wiley Online Library}
}

@article{Ma2019supportingStrategy,
    title = {{Probabilistic Representation and Inverse Design of Metamaterials Based on a Deep Generative Model with Semi-Supervised Learning Strategy}},
    year = {2019},
    journal = {Advanced Materials},
    author = {Ma, Wei and Cheng, Feng and Xu, Yihao and Wen, Qinlong and Liu, Yongmin},
    number = {35},
    volume = {31},
    doi = {10.1002/adma.201901111},
    issn = {15214095},
    arxivId = {1901.10819},
    keywords = {deep learning, metamaterials, photonics}
}
@article{matlack2016composite,
  title={Composite 3D-printed metastructures for low-frequency and broadband vibration absorption},
  author={Matlack, Kathryn H and Bauhofer, Anton and Kr{\"o}del, Sebastian and Palermo, Antonio and Daraio, Chiara},
  journal={Proceedings of the National Academy of Sciences},
  volume={113},
  number={30},
  pages={8386--8390},
  year={2016},
  publisher={National Acad Sciences}
}

@article{lee2023t,
  title={T-METASET: Task-aware acquisition of metamaterial datasets through diversity-based active learning},
  author={Lee, Doksoo and Chan, Yu-Chin and Chen, Wei and Wang, Liwei and van Beek, Anton and Chen, Wei},
  journal={Journal of Mechanical Design},
  volume={145},
  number={3},
  pages={031704},
  year={2023},
  publisher={American Society of Mechanical Engineers}
}

% phase difference should be 
@article{ma2018shaping,
  title={Shaping reverberating sound fields with an actively tunable metasurface},
  author={Ma, Guancong and Fan, Xiying and Sheng, Ping and Fink, Mathias},
  journal={Proceedings of the National Academy of Sciences},
  volume={115},
  number={26},
  pages={6638--6643},
  year={2018},
  publisher={National Acad Sciences}
}

@article{wang2020deep,
  title={Deep generative modeling for mechanistic-based learning and design of metamaterial systems},
  author={Wang, Liwei and Chan, Yu-Chin and Ahmed, Faez and Liu, Zhao and Zhu, Ping and Chen, Wei},
  journal={Computer Methods in Applied Mechanics and Engineering},
  volume={372},
  pages={113377},
  year={2020},
  publisher={Elsevier}
}

@article{chen2023gan,
  title={GAN-DUF: Hierarchical Deep Generative Models for Design Under Free-Form Geometric Uncertainty},
  author={Chen, Wei and Lee, Doksoo and Balogun, Oluwaseyi and Chen, Wei},
  journal={Journal of Mechanical Design},
  volume={145},
  number={1},
  pages={011703},
  year={2023},
  publisher={American Society of Mechanical Engineers}
}

@article{an2021multifunctional,
  title={Multifunctional metasurface design with a generative adversarial network},
  author={An, Sensong and Zheng, Bowen and Tang, Hong and Shalaginov, Mikhail Y and Zhou, Li and Li, Hang and Kang, Myungkoo and Richardson, Kathleen A and Gu, Tian and Hu, Juejun and others},
  journal={Advanced Optical Materials},
  volume={9},
  number={5},
  pages={2001433},
  year={2021},
  publisher={Wiley Online Library}
}

@article{bastek2022inverting,
  title={Inverting the structure--property map of truss metamaterials by deep learning},
  author={Bastek, Jan-Hendrik and Kumar, Siddhant and Telgen, Bastian and Glaesener, Rapha{\"e}l N and Kochmann, Dennis M},
  journal={Proceedings of the National Academy of Sciences},
  volume={119},
  number={1},
  pages={e2111505119},
  year={2022},
  publisher={National Acad Sciences}
}

@article{lin2023mechanical,
  title={Mechanical Fourier transform for programmable metamaterials},
  author={Lin, Xin and Pan, Fei and Ma, Yong and Wei, Yuling and Yang, Kang and Wu, Zihong and Guan, Juan and Ding, Bin and Liu, Bin and Xiang, Jinwu and others},
  journal={Proceedings of the National Academy of Sciences},
  volume={120},
  number={37},
  pages={e2305380120},
  year={2023},
  publisher={National Acad Sciences}
}

@article{li2022digital,
  title={Digital synthesis of free-form multimaterial structures for realization of arbitrary programmed mechanical responses},
  author={Li, Weichen and Wang, Fengwen and Sigmund, Ole and Zhang, Xiaojia Shelly},
  journal={Proceedings of the National Academy of Sciences},
  volume={119},
  number={10},
  pages={e2120563119},
  year={2022},
  publisher={National Acad Sciences}
}

@article{vlassis2023denoising,
  title={Denoising diffusion algorithm for inverse design of microstructures with fine-tuned nonlinear material properties},
  author={Vlassis, Nikolaos N and Sun, WaiChing},
  journal={Computer Methods in Applied Mechanics and Engineering},
  volume={413},
  pages={116126},
  year={2023},
  publisher={Elsevier}
}

@Book{BreiFrieStonOlsh84,
  Title = {Classification and Regression Trees},
  Author = {Breiman, Leo and Friedman, Jerome and Stone, Charles J and Olshen, R A},
  Publisher = {Chapman and Hall/CRC},
  Year = {1984}
}

@article{boley2019shape,
  title={Shape-shifting structured lattices via multimaterial 4D printing},
  author={Boley, J William and Van Rees, Wim M and Lissandrello, Charles and Horenstein, Mark N and Truby, Ryan L and Kotikian, Arda and Lewis, Jennifer A and Mahadevan, L},
  journal={Proceedings of the National Academy of Sciences},
  volume={116},
  number={42},
  pages={20856--20862},
  year={2019},
  publisher={National Acad Sciences}
}

@article{ma2022deep,
  title={Deep learning-accelerated designs of tunable magneto-mechanical metamaterials},
  author={Ma, Chunping and Chang, Yilong and Wu, Shuai and Zhao, Ruike Renee},
  journal={ACS Applied Materials \& Interfaces},
  volume={14},
  number={29},
  pages={33892--33902},
  year={2022},
  publisher={ACS Publications}
}

@article{bossart2021oligomodal,
  title={Oligomodal metamaterials with multifunctional mechanics},
  author={Bossart, Aleksi and Dykstra, David MJ and Van der Laan, Jop and Coulais, Corentin},
  journal={Proceedings of the National Academy of Sciences},
  volume={118},
  number={21},
  pages={e2018610118},
  year={2021},
  publisher={National Acad Sciences}
}

@article{breiman2001random,
  title={Random forests},
  author={Breiman, Leo},
  journal={Machine learning},
  volume={45},
  pages={5--32},
  year={2001},
  publisher={Springer}
}
%%%%%%%%%%%%%%%%%%%%%%%%%%%%%%%%%%