
@article{meye56,
  title={Solar cosmic rays of February, 1956 and their propagation through interplanetary space},
  author={Meyer, Peter and Parker, EN and Simpson, JA},
  journal={Physical Review},
  volume={104},
  number={3},
  pages={768},
  year={1956},
  publisher={APS}
}

@inproceedings{simp00,
  title={The Cosmic Ray Nucleonic Component: The Invention and Scientific Uses of the Neutron Monitor: Keynote Lecture},
  author={Simpson, John A},
  booktitle={Cosmic Rays and Earth: Proceedings of an ISSI Workshop, 21--26 March 1999, Bern, Switzerland},
  pages={11--32},
  year={2000},
  organization={Springer}
}

@article{mora00,
  title={Design and co-ordination of multi-station international neutron monitor networks},
  author={Moraal, Harm and Belov, A and Clem, JM},
  journal={Space Science Reviews},
  volume={93},
  number={1-2},
  pages={285--303},
  year={2000},
  publisher={Springer}
}

@article{vald09,
  title={Solar neutron events as a tool to study particle acceleration at the Sun},
  author={Vald{\'e}s-Galicia, JF and Muraki, Y and Watanabe, K and Matsubara, Y and Sako, T and Gonzalez, LX and Musalem, O and Hurtado, A},
  journal={Advances in Space Research},
  volume={43},
  number={4},
  pages={565--572},
  year={2009},
  publisher={Elsevier}
}

%GOES ref 16
@article{hu22,
  title={Calibration of the GOES 6--16 high-energy proton detectors based on modelling of ground level enhancement energy spectra},
  author={Hu, Shaowen and Semones, Edward},
  journal={Journal of Space Weather and Space Climate},
  volume={12},
  pages={5},
  year={2022},
  publisher={EDP Sciences}
}

@article{chup87,
  title={Solar neutron emissivity during the large flare on 1982 June 3},
  author={Chupp, EL and Debrunner, H and Fl{\"u}ckiger, E and Forrest, DJ and Golliez, Fet al and Kanbach, G and Vestrand, WT and Cooper, J and Share, G},
  journal={The Astrophysical Journal},
  volume={318},
  pages={913--925},
  year={1987}
}

@article{shea12,
  title={Space weather and the ground-level solar proton events of the 23rd solar cycle},
  author={Shea, MA and Smart, DF},
  journal={Space science reviews},
  volume={171},
  number={1-4},
  pages={161--188},
  year={2012},
  publisher={Springer}
}

@article{belo14,
  title={Coronal mass ejections and non-recurrent Forbush decreases},
  author={Belov, A and Abunin, A and Abunina, M and Eroshenko, E and Oleneva, V and Yanke, V and Papaioannou, A and Mavromichalaki, H and Gopalswamy, N and Yashiro, S},
  journal={Solar Physics},
  volume={289},
  pages={3949--3960},
  year={2014},
  publisher={Springer}
}

@article{cane00,
  title={Coronal mass ejections and Forbush decreases},
  author={Cane, Hilary V},
  journal={Space Science Reviews},
  volume={93},
  number={1-2},
  pages={55--77},
  year={2000},
  publisher={Springer}
}

@article{caso09,
  title={Cosmic ray measurements with Pamela experiment},
  author={Casolino, M and De Simone, N and De Pascale, MP ea and Di Felice, V and Marcelli, L and Minori, M and Picozza, P and Sparvoli, R and Castellini, G and Adriani, Oscar and others},
  journal={Nuclear Physics B-Proceedings Supplements},
  volume={190},
  pages={293--299},
  year={2009},
  publisher={Elsevier}
}

@article{finl20,
  title={The CHAOS-7 geomagnetic field model and observed changes in the South Atlantic Anomaly},
  author={Finlay, Christopher C and Kloss, Clemens and Olsen, Nils and Hammer, Magnus D and T{\o}ffner-Clausen, Lars and Grayver, Alexander and Kuvshinov, Alexey},
  journal={Earth, Planets and Space},
  volume={72},
  number={1},
  pages={1--31},
  year={2020},
  publisher={SpringerOpen}
}

@article{kruc02,
  title={Relative timing and spectra of solar flare hard X-ray sources},
  author={Krucker, S{\"a}m and Lin, RP},
  journal={Solar Physics},
  volume={210},
  pages={229--243},
  year={2002},
  publisher={Springer}
}

@article{lin03,
  title={RHESSI observations of particle acceleration and energy release in an intense solar gamma-ray line flare},
  author={Lin, RP c and Krucker, Sam and Hurford, Gordon J and Smith, DM and Hudson, HS and Holman, GD and Schwartz, RA and Dennis, BR and Share, GH and Murphy, RJ and others},
  journal={The Astrophysical Journal},
  volume={595},
  number={2},
  pages={L69},
  year={2003},
  publisher={IOP Publishing}
}

@article{pall77,
  title={A survey of soft X-ray limb flare images-The relation between their structure in the corona and other physical parameters},
  author={Pallavicini, R and Serio, S and Vaiana, GS},
  journal={The Astrophysical Journal},
  volume={216},
  pages={108--122},
  year={1977}
}

@article{pavo16,
  title={The South Atlantic anomaly: The key for a possible geomagnetic reversal},
  author={Pav{\'o}n-Carrasco, F Javier and De Santis, Angelo},
  journal={Frontiers in Earth Science},
  volume={4},
  pages={40},
  year={2016},
  publisher={Frontiers Media SA}
}

@article{ruff97,
  title={Charge states of solar cosmic rays and constraints on acceleration times and coronal transport},
  author={Ruffolo, D},
  journal={The Astrophysical Journal},
  volume={481},
  number={2},
  pages={L119},
  year={1997},
  publisher={IOP Publishing}
}

@article{smar09,
  title={Fifty years of progress in geomagnetic cutoff rigidity determinations},
  author={Smart, DF and Shea, MA},
  journal={Advances in Space Research},
  volume={44},
  number={10},
  pages={1107--1123},
  year={2009},
  publisher={Elsevier}
}

@article{cade15,
  title={The origin of “space weather”},
  author={Cade III, William B and Chan-Park, Christina},
  journal={Space Weather},
  volume={13},
  number={2},
  pages={99--103},
  year={2015},
  publisher={Wiley Online Library}
}

@article{zhan10,
  title={The Yangbajing muon--neutron telescope},
  author={Zhang, JL and Tan, YH and Wang, H and Lu, H and Meng, XC and Muraki, Y},
  journal={Nuclear Instruments and Methods in Physics Research Section A: Accelerators, Spectrometers, Detectors and Associated Equipment},
  volume={623},
  number={3},
  pages={1030--1034},
  year={2010},
  publisher={Elsevier}
}

@article{heck12,
  title={CORSIKA: An air shower simulation program},
  author={Heck, Dieter and Pierog, Tanguy and Knapp, Johannes},
  journal={Astrophysics Source Code Library},
  pages={ascl--1202},
  year={2012}
}

@article{batt08,
  title={Hadronic models for cosmic ray physics: the FLUKA code},
  author={Battistoni, G and Cerutti, F and Empl, A and Fass{\`o}, A and Ferrari, A and Gadioli, E and Garzelli, MV and Muraro, S and Pelliccioni, M and Pinsky, LS and others},
  journal={Nuclear Physics B-Proceedings Supplements},
  volume={175},
  pages={88--95},
  year={2008},
  publisher={Elsevier}
}

@article{shea82,
  title={Possible evidence for a rigidity-dependent release of relativistic protons from the solar corona},
  author={Shea, MA and Smart, DF},
  journal={Space Science Reviews},
  volume={32},
  number={1-2},
  pages={251--271},
  year={1982},
  publisher={Springer}
}

@article{miro05,
  title={Relativistic nucleon and electron production in the 2003 October 28 solar event},
  author={Miroshnichenko, LI and Klein, K-L and Trottet, G{\'e}rard and Lantos, Pierre and Vashenyuk, EV and Balabin, Yu V and Gvozdevsky, BB},
  journal={Journal of Geophysical Research: Space Physics},
  volume={110},
  number={A9},
  year={2005},
  publisher={Wiley Online Library}
}

@article{augu16b,
  title={Signals at ground level of relativistic solar particles associated with a radiation storm on 2014 April 18},
  author={Augusto, Carlos and Navia, Carlos and de Oliveira, Marcel N and Fauth, Anderson and Nepomuceno, Andr{\'e}},
  journal={Publications of the Astronomical Society of Japan},
  volume={68},
  number={1},
  pages={8},
  year={2016},
  publisher={Oxford University Press}
}

@article{augu16a,
  title={Ground level observations of relativistic solar particles on Oct 29th, 2015: Is it a new GLE on the current solar cycle?},
  author={Augusto, CRA and Navia, CE and de Oliveira, MN and Nepomuceno, AA and Fauth, AC},
  journal={arXiv preprint arXiv:1603.08863},
  year={2016}
}

@article{kovy13,
  title={Calculations of temperature and barometric effects for cosmic ray flux on the Earth surface using the CORSIKA code},
  author={Kovylyaeva, AA and Dmitrieva, AN and Tolkacheva, NV and Yakovleva, EI},
  journal={Journal of Physics: Conference Series},
  volume={409},
  number={1},
  pages={012128--012128},
  year={2013},
  organization={Institute of Physics and IOP Publishing Limited}
}

@article{agli96,
  title={Search for gamma-ray bursts at photon energies e≥ 10 GeV and e≥ 80 TeV},
  author={Aglietta, M and Alessandro, B and Antonioli, P and Arneodo, F and Bergamasco, L and Bertaina, M and Castellina, A and Castagnoli, C and Chiavassa, A and Castagnoli, G Cini and others},
  journal={Astrophysical Journal},
  volume={469},
  number={1 PART I},
  pages={305--310},
  year={1996},
  publisher={IOP Publishing Ltd.}
}